@Comment А вот так оформляется библиография при помощи BibTeX.

@manual{amd_pm_v2,
  title =		{AMD64 Architecture Programmer’s Manual. Volume 2: System Programming},
  organization =	{Advanced Micro Devices},
  number =		{24593},
  volume =		{2},
  year =		{2015},
  language =		{latin},
}

@manual{ioapic,
  title =		{82093AA I/O Advanced Programmable Interrupt Controller (IOAPIC)},
  organization =	{Intel Corporation},
  year =		{1996},
  language =		{latin},
}

@manual{mp,
  title =		{MultiProcessor Specification},
  organization =	{Intel Corporation},
  year =		{1997},
  language =		{latin},
}

@misc{elf,
  title =		{{Executable and Linkable Format (ELF)}},
  howpublished =	"\url{http://www.skyfree.org/linux/references/ELF_Format.pdf}",
  note =		"[Электронный ресурс; доступ 20 мая 2016]"
}

@misc{phantomex,
  title =		{{PhantomEx: журнал разработки}},
  howpublished =	"\url{http://phantomexos.blogspot.ru}",
  note =		"[Электронный ресурс; доступ 25 мая 2016]"
}

@misc{mit_os_dev,
  title =		{{6.828: Operating System Engineering}},
  howpublished =	"\url{https://pdos.csail.mit.edu/6.828/2014/schedule.html}",
  note =		"[Электронный ресурс; доступ 25 мая 2016]"
}

@misc{mit_xv6,
  title =		{{xv6}},
  howpublished =	"\url{https://pdos.csail.mit.edu/6.828/2014/xv6/book-rev8.pdf}",
  note =		"[Электронный ресурс; доступ 25 мая 2016]"
}

@misc{os_dev,
  title =		{{OSDev.org}},
  howpublished =	"\url{http://wiki.osdev.org}",
  note =		"[Электронный ресурс; доступ 22 мая 2016]"
}

@misc{detect_memory_bios,
  title =		{{Query System Address Map}},
  howpublished =	"\url{http://www.uruk.org/orig-grub/mem64mb.html}",
  note =		"[Электронный ресурс; доступ 22 мая 2016]"
}

@misc{gdb,
  title =		{{GDB: The GNU Project Debugger}},
  howpublished =	"\url{https://www.gnu.org/software/gdb/}",
  note =		"[Электронный ресурс; доступ 22 мая 2016]"
}

@misc{x86_64_abi,
  title =		{{System V Application Binary Interface
  AMD64 Architecture Processor Supplement}},
  howpublished =	"\url{http://www.x86-64.org/documentation/abi.pdf}",
  note =		"[Электронный ресурс; доступ 22 мая 2016]"
}

@misc{bios_int15h,
  title =		{{Query System Address Map}},
  howpublished =	"\url{http://www.uruk.org/orig-grub/mem64mb.html}",
  note =		"[Электронный ресурс; доступ 22 мая 2016]"
}

@unpublished{mstu_os_dev_method,
  author =		{Крищенко В.А.},
  title = 		{Основы реализации операционных систем},
  year = 		{2013},
  language =		"russian"
}
