@Comment А вот так оформляется библиография при помощи BibTeX.

@Comment вот так описывается многотомное издание: `Детская энциклопедия. В 12т. Т.7. Человек. ...'

@manual{amd_pm_v2,
  title = {AMD64 Architecture Programmer’s Manual. Volume 2: System Programming},
  organization = {Advanced Micro Devices},
  number = {24593},
  month = {June},
  volume = {2},
  year = {2015},
  language = {latin},
}

@manual{intel_pm_v2,
  title = {Intel® 64 and IA-32 Architectures Software Developer’s Manual.
           Volume 3A: System Programming Guide, Part 1},
  organization = {Intel},
  month = {May},
  volume = {3A},
  year = {2011},
  language = {latin},
}

@Book{ventilation,
  author =		{Комкин А.И. and Спиридонов В.С.},
  title = 		{Расчет систем механической вентиляции},
  publisher =		{М.: Изд-во МГТУ им. Н.Э.Баумана},
  year = 		{2007},
  language =		"russian"
}

@misc{utilization,
  title = {{Переработка и утилизация отходов пластмасс}},
  howpublished = "\url{http://ohrana-bgd.ru/prombit/prombit1_29.html}",
  note = "[Электронный ресурс; доступ 18 мая 2016]"
}
